%%%%%%%%%%%%%%%
% Non-package citations for LoadandCite paper
% Christopher Gandrud
%%%%%%%%%%%%%%%

@article{Peng2011,
author = {Peng, Roger D},
title = {{Reproducible Research in Computational Science}},
journal = {Science},
year = {2011},
volume = {334},
pages = {1226--1227}
}

@article{Jackson2012,
  author = {Mike Jackson},
  title = {How to Cite and Describe Software},
  journal = {Software Sustainability Institute},
  note = {\url{http://software.ac.uk/so-exactly-what-software-did-you-use}},
  year = {2012} 
}

@BOOK{Xie2013,
  author = {Yihue Xie},
  title = {Dynamic Documents with R and knitr},
  publisher = {Chapman and Hall/CRC Press},
  address = {Boca Raton, FL},
  year = {2013} 
}

@BOOK{Gandrud2013,
  author = {Christopher Gandrud},
  title = {Reproducible Research with R and RStudio},
  publisher = {Chapman and Hall/CRC Press},
  address = {Boca Raton, FL},
  year = {2013} 
}
