@Manual{R-car,
  title = {car: Companion to Applied Regression},
  author = {John Fox and Sanford Weisberg},
  year = {2013},
  note = {R package version 2.0-19},
  url = {http://CRAN.R-project.org/package=car},
}
@Manual{R-knitr,
  title = {knitr: A general-purpose package for dynamic report generation in R},
  author = {Yihui Xie},
  year = {2013},
  note = {R package version 1.5},
  url = {http://CRAN.R-project.org/package=knitr},
}
@Manual{R-repmis,
  title = {repmis: A collection of miscellaneous tools for reproducible research with R.},
  author = {Christopher Gandrud},
  year = {2013},
  note = {R package version 0.2.7},
  url = {http://cran.r-project.org/web/packages/repmis/},
}
@Manual{CiteR,
  title = {R: A Language and Environment for Statistical Computing},
  author = {{R Core Team}},
  organization = {R Foundation for Statistical Computing},
  address = {Vienna, Austria},
  year = {2013},
  url = {http://www.R-project.org/}, 
  note = {Version 3.0.2},
}
