@Manual{R-car,
  title = {car: Companion to Applied Regression},
  author = {John Fox and Sanford Weisberg},
  year = {2013},
  note = {R package version 2.0-18},
  url = {http://CRAN.R-project.org/package=car},
}
@Manual{R-knitr,
  title = {knitr: A general-purpose package for dynamic report generation in R},
  author = {Yihui Xie},
  year = {2013},
  note = {R package version 1.2},
  url = {http://CRAN.R-project.org/package=knitr},
}
@Manual{R-repmis,
  title = {repmis: A collection of miscellaneous tools for reproducible research with R.},
  author = {Christopher Gandrud},
  year = {2013},
  note = {R package version 0.2.6},
  url = {http://cran.r-project.org/web/packages/repmis/},
}
@article{Peng2011,
  author = {Peng, Roger D},
  title = {{Reproducible Research in Computational Science}},
  journal = {Science},
  year = {2011},
  volume = {334},
  pages = {1226--1227}
}
@article{Jackson2012,
  author = {Mike Jackson},
  title = {How to Cite and Describe Software},
  journal = {Software Sustainability Institute},
  note = {\url{http://software.ac.uk/so-exactly-what-software-did-you-use}},
  year = {2012} 
}
@BOOK{Xie2013,
  author = {Yihue Xie},
  title = {Dynamic Documents with R and knitr},
  publisher = {Chapman and Hall/CRC Press},
  address = {Boca Raton, FL},
  year = {2013} 
}
@BOOK{Gandrud2013,
  author = {Christopher Gandrud},
  title = {Reproducible Research with R and RStudio},
  publisher = {Chapman and Hall/CRC Press},
  address = {Boca Raton, FL},
  year = {2013} 
}